<?xml version="1.0" encoding="UTF-8"?><collection xmlns="http://www.loc.gov/MARC21/slim"><record><leader>00667nam--2200217-u-4500</leader><controlfield tag="001">000050490</controlfield><controlfield tag="002">20161230</controlfield><controlfield tag="003">81869</controlfield><controlfield tag="005">20161230201048</controlfield><controlfield tag="008">070405s1000------------r-----000-0-eng-d</controlfield><datafield ind1=" " ind2=" " tag="020"><subfield code="a">9812380736</subfield></datafield><datafield ind1=" " ind2=" " tag="040"><subfield code="a">IFIN-HH</subfield></datafield><datafield ind1=" " ind2=" " tag="080"><subfield code="a">(538.9:539.18):001.2:004.94</subfield></datafield><datafield ind1="1" ind2=" " tag="100"><subfield code="a">Rieth,Michael</subfield></datafield><datafield ind1="1" ind2="0" tag="245"><subfield code="a">Nano-Engineering in Science and Technology</subfield><subfield code="b">An Introduction to the World of Nano-Design</subfield><subfield code="c">Michael Rieth</subfield></datafield><datafield ind1=" " ind2=" " tag="260"><subfield code="a">New Jersey</subfield><subfield code="b">World Scientific</subfield><subfield code="c">2003</subfield></datafield><datafield ind1=" " ind2=" " tag="300"><subfield code="a">151 p</subfield></datafield><datafield ind1=" " ind2=" " tag="490"><subfield code="a">Series on the Foundations of Natural Science and Technology</subfield><subfield code="v">Vol.6</subfield></datafield><datafield ind1=" " ind2="4" tag="650"><subfield code="a">Nano-Engineering</subfield></datafield><datafield ind1=" " ind2=" " tag="852"><subfield code="a">81869</subfield><subfield code="c">001.2</subfield></datafield><datafield ind1=" " ind2=" " tag="CAT"><subfield code="a">Sys</subfield><subfield code="c">20110105</subfield><subfield code="h">093406</subfield></datafield></record></collection>